@article{hobo,
    author={Bar Foo},
    year=2021,
    journal={Data collection, -management, -visualization lecture},
    title={HOBO Report}
}